@article{yezzi2020virtual, 
  title={The Virtual Goniometer: A new method for measuring angles on {3D} models of fragmentary bone and lithics},
  author={Yezzi-Woodley, Katrina and Calder, Jeff and Olver, Peter J. and Melton, Annie and Cody, Paige and Huffstutler, Thomas and Terwilliger, Alexander and Tostevin, Gilbert and Tappen, Martha and Coil, Reed},
  year={2020},
  journal={arXiv:2011.04898},
  code={https://amaaze.umn.edu/software},
  arxiv={https://arxiv.org/abs/2011.04898}
}
@article{calder2020asymp,
	author = {Jeff Calder and Nadejda Drenska},
	journal = {To appear in Journal of Fourier Analysis and Applications Special Issue on Harmonic Analysis on Graphs},
	title = "{Asymptotically optimal strategies for online prediction with history-dependent experts}",
   arxiv = {https://arxiv.org/abs/2008.13703},
	year = {2020}
}
@article{yezziwoodley2020segmentation,
	author = {Katrina Yezzi-Woodley and Jeff Calder and Peter Olver and others},
	journal = {In preparation},
	title = {Segmentation of broken bone fragments and other artifacts via graph-based clustering and semi-supervised learning},
	year = "2020"
}
@article{calder2020Lip,
	author = {Jeff Calder and Garc\'ia Trillos, N. and Marta Lewicka},
	journal = {arXiv:2007.06679},
   arxiv = {https://arxiv.org/abs/2007.06679},
	title = "{Lipschitz regularity of graph Laplacians on random data clouds}",
	year = "2020"
}
@article{mosaphir2020numerics,
	author = {Drisana Mosaphir and Nadejda Drenska and Jeff Calder},
	journal = {In preparation},
	title = "{Analysis and numerical methods for prediction from expert advice}",
	year = "2020"
}
@article{drenska2020prediction,
	author = {Nadejda Drenska and Jeff Calder},
	journal = {arXiv:2008.00052},
   arxiv = {https://arxiv.org/abs/2008.00052},
	title = "{Online prediction with history-dependent experts: The general case}",
	year = "2020"
}
@article{cook2020nondom,
	author = {Brendan Cook and Jeff Calder},
	journal = {arXiv:2006.05953},
   arxiv = {https://arxiv.org/abs/2006.05953},
	title = "{Rates of convergence for the continuum limit of nondominated sorting}",
	year = "2020"
}
@article{calder2020rates,
	author = {Jeff Calder and Dejan Slep\v{c}ev and Matthew Thorpe},
	journal = {arXiv:2006.02765},
   arxiv = {https://arxiv.org/abs/2006.02765},
	title = "{Rates of convergence for {Laplacian} semi-supervised learning with low labelling rates}",
	year = "2020"
}
@article{yuan2020continuum,
	author = {Amber Yuan and Jeff Calder and Braxton Osting},
	journal = {arXiv:2001.08973},
   arxiv = {https://arxiv.org/abs/2001.08973},
	title = "{A continuum limit for the {PageRank} algorithm}",
	year = "2020"
}
@article{calder2020poisson,
	author = {Jeff Calder and Brendan Cook and Matthew Thorpe and Dejan Slep\v{c}ev},
	journal = {Proceedings of the 37th International Conference on Machine Learning, Online, PMLR 119},
   arxiv = {https://arxiv.org/abs/2006.11184},
	title = "{Poisson Learning: Graph based semi-supervised learning at very low label rates}",
   code = {https://github.com/jwcalder/GraphLearning},
   url = {https://proceedings.icml.cc/paper/2020/hash/fb09f481d40c4d3c0861a46bd2dc52c0-Abstract.html},
	year = "2020"
}
@article{calder2019improved,
  title={Improved spectral convergence rates for graph {Laplacians} on $\varepsilon$-graphs and k-{NN} graphs},
  author = {Jeff Calder and Garc\'ia Trillos, N.},
  journal={arXiv:1910.13476},
  arxiv = {https://arxiv.org/abs/1910.13476},
  year={2019}
}
@article{oneill2019computation,
	author = {Riley O'Neill and Pedro Angulo-Umana and Jeff Calder and Bo Hessburg and Peter J. Olver and Chehrzad Shakiban and Katrina Yezzi-Woodley},
	journal = "SIAM Journal on Imaging Sciences",
	title = "Computation of circular area and spherical volume invariants via boundary integrals",
   arxiv = {https://arxiv.org/abs/1905.02176},
   code = {https://github.com/jwcalder/Spherical-Volume-Invariant},
   url = {https://doi.org/10.1137/19M1260803},
   volume={13},
   number={1},
   pages={53--77},
	year = "2020"
}
@article{flores2019algorithms,
	author = {Mauricio Flores and Jeff Calder and Gilad Lerman},
	journal = "arXiv:1901.05031",
   arxiv = {https://arxiv.org/abs/1901.05031},
   code = {https://github.com/mauriciofloresML/Laplacian_Lp_Graph_SSL},
	title = "{Algorithms for Lp-based semi-supervised learning on graphs}",
	year = "2019"
}
@article{calder2019properly,
	author = {Jeff Calder and Dejan Slep\v{c}ev},
	journal = {Applied Mathematics and Optimization: Special Issue on Optimization in Data Science},
	title = "{Properly-weighted graph {L}aplacian for semi-supervised learning}",
   arxiv = {https://arxiv.org/abs/1810.04351},
   url = {https://doi.org/10.1007/s00245-019-09637-3},
	year = "2019"
}
@article{calder2018PDEacceleration,
	author = {Jeff Calder and Anthony Yezzi},
	journal = {Research in the Mathematical Sciences},
	title = "{{PDE Acceleration: A} convergence rate analysis and applications to obstacle problems}",
   volume = {6},
   arxiv = {https://arxiv.org/abs/1810.01066},
   code = {https://github.com/jwcalder/MinimalSurfaces},
   url = {https://doi.org/10.1007/s40687-019-0197-x},
   number = {35},
	year = "2019"
}
@article{benyamin2019accelerated,
	author = {Minas Benyamin and Jeff Calder and Ganesh Sundaramoorthi and Anthony Yezzi},
	journal = "Journal of Mathematical Imaging and Vision",
   volume = {62},
   number = {1},
	title = "{{Accelerated variational PDE's} for efficient solution of regularized inversion problems}",
   arxiv = {https://arxiv.org/abs/1810.00410},
   url = {https://doi.org/10.1007/s10851-019-00910-2},
	year = "2020"
}
@article{calderLipschitzDNN,
	author = {Finlay, Chris and Abbasi, Bilal and Jeff Calder and Oberman, Adam M },
	journal = "arXiv:1808.09540",
   arxiv = {https://arxiv.org/abs/1808.09540},
	title = "{Lipschitz regularized {Deep Neural Networks} generalize and are adversarially robust}",
	year = "2018"
}

@misc{gangwarPATENT,
	author = {Dominik Schillinger and Tarun Gangwar and Takashi Takahashi and Jeff Calder},
	note = "U.S. Patent Application 16/701,562, filed June 4, 2020",
	title = "{Two-stage variational image segmentation of medical images using fracture mechanics}",
   year = {2020}
}
@misc{calderPATENT,
	author = {Jeff Calder and Sun, Tong},
	note = "US Patent Number 8019979, Issued on September 13, 2011",
	title = "{Efficient implementation of branch intensive algorithms in VLIW and superscalar processors}",
   year = {2011},
	pdf = "http://www-users.math.umn.edu/~jwcalder/papers/calderPATENT.pdf"
}
@article{calder2011c,
	author = {Jeff Calder and Tahmasebi, Amir M. and Mansouri, Abdol-Reza},
	journal = "{SPIE Medical Imaging}",
	title = "{A variational approach to bone segmentation in CT images}",
	pdf = "http://www-users.math.umn.edu/~jwcalder/papers/calder-spie2011.pdf",
   url = {https://doi.org/10.1117/12.877355},
	volume = "7962",
	year = "2011"
}
@article{deriche2009b,
	author = {Deriche, Rachid and Jeff Calder},
	journal = "{SPIE Medical Imaging}",
	title = "{Real-time magnetic resonance Q-ball imaging using Kalman filtering with Laplace-Beltrami regularization}",
	pdf = "http://www-users.math.umn.edu/~jwcalder/papers/deriche-calder:09.pdf",
   url = {https://doi.org/10.1117/12.812263},
	volume = "7259",
	year = "2009"
}

@article{hsiao2012,
   title ={{Multi-criteria anomaly detection using Pareto Depth Analysis}},
   author={Ko-Jen Hsiao and Kevin Xu and Jeff Calder and Alfred O Hero},
   journal = {Advances in Neural Information Processing Systems 25},
   arxiv = {https://arxiv.org/abs/1110.3741},
   url = {https://papers.nips.cc/paper/4612-multi-criteria-anomaly-detection-using-pareto-depth-analysis},
   pages = {854--862},
   year = {2012},
}
@article{calder2012,
	author = {Jeff Calder and Esedo\=glu, Selim},
	journal = "SIAM Journal on Imaging Sciences",
	volume = "5",
	number = "4",
	pages = "1355--1379",
	title = "{On the circular area signature for graphs}",
   url = {https://doi.org/10.1137/120865781},
	pdf = "http://www-users.math.umn.edu/~jwcalder/papers/calder-siims2012.pdf",
	year = "2012"
}

@article{calder2011b,
	author = {Jeff Calder and Mansouri, Abdol-Reza},
	journal = "SIAM Journal on Mathematical Analysis",
	number = "4",
	pages = "1536--1556",
	title = "{Anisotropic image sharpening via well-posed Sobolev gradient flows}",
	pdf = "http://www-users.math.umn.edu/~jwcalder/papers/calder-sima2011.pdf",
   url = {https://doi.org/10.1137/100810654},
	volume = "43",
	year = "2011"
}

@article{calder2011a,
	author = {Jeff Calder and Mansouri, Abdol-Reza and Yezzi, Anthony},
	journal = "Journal of Mathematical Imaging and Vision",
	number = "3",
	pages = "248--258",
	publisher = "Springer Netherlands",
	title = "{New possibilities in image diffusion and sharpening via high-order Sobolev gradient flows}",
	pdf = "http://www-users.math.umn.edu/~jwcalder/papers/calder2011.pdf",
   url = {https://doi.org/10.1007/s10851-010-0250-2},
	volume = "40",
	year = "2011"
}

@article{calder2010a,
	author = {Jeff Calder and Mansouri, Abdol-Reza and Yezzi, Anthony},
	journal = "SIAM Journal on Imaging Sciences",
	number = "4",
	pages = "981--1014",
	title = "{Image sharpening via Sobolev gradient flows}",
	pdf = "http://www-users.math.umn.edu/~jwcalder/papers/calder2010.pdf",
   url = {https://doi.org/10.1137/090771260},
	volume = "3",
	year = "2010"
}

@article{deriche2009a,
	author = {Deriche, Rachid and Jeff Calder and Descoteaux, Maxime},
	journal = "Medical Image Analysis",
	number = "4",
	pages = "564--579",
	title = "{Optimal real-time Q-ball imaging using regularized Kalman filtering with incremental orientation sets}",
	pdf = "http://www-users.math.umn.edu/~jwcalder/papers/deriche-calder-etal-media09.pdf",
   url = {https://doi.org/10.1016/j.media.2009.05.008},
	volume = "13",
	year = "2009"
}

@article{calder2014,
  title={A {H}amilton-{J}acobi equation for the continuum limit of non-dominated sorting},
  author={Jeff Calder and Esedo\=glu, Selim and Hero, Alfred O},
  journal={SIAM Journal on Mathematical Analysis},
  arxiv = {https://arxiv.org/abs/1302.5828},
  pdf = {http://www-users.math.umn.edu/~jwcalder/papers/calder-sima2014.pdf},
  url = {https://doi.org/10.1137/13092842X},
  volume={46},
  number={1},
  pages={603--638},
  year={2014}
}
@article{calder2014c,
   author={Jeff Calder and Esedo\=glu, Selim and Hero, Alfred O},
	journal = "{Information Theory and Applications Workshop}",
   pdf = {http://www-users.math.umn.edu/~jwcalder/papers/CalderITA2014.pdf},
   url = {https://ieeexplore.ieee.org/document/6804207},
	title = "{A continuum limit for non-dominated sorting}",
	year = "2014"
}
@article{calder2015a,
  title={A direct verification argument for the {H}amilton-{J}acobi equation continuum limit of nondominated sorting},
  author={Jeff Calder},
  journal={Nonlinear Analysis Series A: Theory, Methods, \& Applications},
  arxiv = {https://arxiv.org/abs/1508.01565},
  pdf = {http://www-users.math.umn.edu/~jwcalder/papers/calderNATMA2016.pdf},
  url = {https://doi.org/10.1016/j.na.2016.03.023},
  volume={141},
  pages={88--108},
  year={2016}
}
@article{calder2016anomaly,
  title={Anomaly detection and classification for streaming data using partial differential equations},
  author={Bilal Abbasi and Jeff Calder and Adam M. Oberman},
  journal={SIAM Journal on Applied Mathematics},
  arxiv = {https://arxiv.org/abs/1608.04348},
  url = {https://doi.org/10.1137/17M1121184},
  volume={78},
  number={2},
  pages={921-941},
  year={2018},
}
@article{calder2015numerical,
  title={Numerical schemes and rates of convergence for the {H}amilton-{J}acobi equation continuum limit of nondominated sorting},
  author={Jeff Calder},
  journal={Numerische Mathematik},
  arxiv = {https://arxiv.org/abs/1508.01557},
  url = {https://doi.org/10.1007/s00211-017-0895-5},
  volume={137},
  number={4},
  pages={819--856},
  year={2017},
}
@article{calder2015directed,
  title={Directed last passage percolation with discontinuous weights},
  author={Jeff Calder},
  journal={Journal of Statistical Physics},
  volume = {158},
  number={45},
  arxiv = {https://arxiv.org/abs/1402.3381},
  pdf = {http://www-users.math.umn.edu/~jwcalder/papers/calder-jsp2015.pdf},
  url = {https://doi.org/10.1007/s10955-014-1146-0},
  pages={903--949},
  year={2015},
  publisher={Springer}
}
@article{calder2015pde,
  title={A {PDE}-based approach to nondominated sorting},
  author={Jeff Calder and Esedo\=glu, Selim and Hero, Alfred O},
  journal={SIAM Journal on Numerical Analysis},
  arxiv = {https://arxiv.org/abs/1310.2498},
  pdf = {http://www-users.math.umn.edu/~jwcalder/papers/calder-sinum2015.pdf},
  url = {https://doi.org/10.1137/130940657},
  volume={53},
  number={1},
  pages={82--104},
  year={2015},
  publisher={SIAM}
}

@article{hsiao2015a,
   title ={Multi-criteria similarity-based anomaly detection using {Pareto Depth Analysis}},
   author={Ko-Jen Hsiao and Kevin Xu and Jeff Calder and Alfred O Hero},
   journal = {IEEE Transactions on Neural Networks and Learning Systems},
   volume ={27},
   arxiv = {https://arxiv.org/abs/1508.04887},
   url = {https://doi.org/10.1109/TNNLS.2015.2466686},
   number={6},
   pages={1307--1321},
   year = {2016}
}
@article{hsiao2015,
   title ={Pareto-depth for multiple-query image retrieval},
   author={Ko-Jen Hsiao and Jeff Calder and Alfred O Hero},
   journal = {IEEE Transactions on Image Processing},
   volume  = {24},
   arxiv = {https://arxiv.org/abs/1402.5176},
   url = {https://doi.org/10.1109/TIP.2014.2378057},
   pdf = {http://www-users.math.umn.edu/~jwcalder/papers/hsiao-tip2015.pdf},
   number = {2},
   pages = {583--594},
   year = {2015},
}
@article{calder2018game,
  title={The game theoretic p-{L}aplacian and semi-supervised learning with few labels},
  author={Jeff Calder},
  journal={Nonlinearity},
  volume={32},
  arxiv = {https://arxiv.org/abs/1711.10144},
  url = {https://doi.org/10.1088/1361-6544/aae949},
  number={1},
  pages={301--330},
  year={2018},
  publisher={IOP Publishing}
}
@article{calder2019lip,
  title={{Consistency of Lipschitz learning with infinite unlabeled data and finite labeled data}},
  author={Jeff Calder},
  journal={SIAM Journal on Mathematics of Data Science},
  volume={1},
  arxiv = {https://arxiv.org/abs/1710.10364},
  code = {http://www-users.math.umn.edu/~jwcalder/LexCode.tar.gz},
  url = {https://doi.org/10.1137/18M1199241},
  number={4},
  pages={780--812},
  year={2019},
}
@article{thawinrak2017HJ,
  title={{High-order filtered schemes for the Hamilton-Jacobi continuum limit of nondominated sorting}},
  author={Warut Thawinrak and Jeff Calder},
  journal={Journal of Mathematics Research},
  arxiv = {https://arxiv.org/abs/1712.01452},
  url = {https://doi.org/10.5539/jmr.v10n1p90},
  year={2018},
  volume={10},
  number={1},
  pages={90--109}
}
@article{gangwar2017CT,
  title={{Robust variational segmentation of 3D bone CT data with thin cartilage interfaces}},
  author={Tarun Gangwar and Jeff Calder and Takashi Takahashi and Joan Bechtold and Dominik Schillinger},
  journal={Medical Image Analysis},
  pdf = {http://www-users.math.umn.edu/~jwcalder/papers/GangwarEtAl_MedIA2017.pdf},
  url = {https://doi.org/10.1016/j.media.2018.04.003},
  year={2018},
  volume={47},
  pages={95--110}
}
@article{calder2020convex,
  title={{The limit shape of convex hull peeling}},
  author={Jeff Calder and Charles K. Smart},
  journal={Duke Mathematical Journal},
  arxiv = {https://arxiv.org/abs/1805.08278},
  url = {https://projecteuclid.org/euclid.dmj/1593223320},
  volume={169},
  number={11},
  pages={2079--2124},
  year={2020},
}




